\begin{thebibliography}{9}

@inproceedings{blaze1999keynote,
  title={KeyNote: Trust management for public-key infrastructures},
  author={Blaze, Matt and Feigenbaum, Joan and Keromytis, Angelos D},
  booktitle={Security Protocols},
  pages={59--63},
  year={1999},
  organization={Springer}
}

@misc{acl-rfc,
  author=" R. Shirey",
  title="{Internet Security Glossary}",
  series="Request for Comments",
  howpublished="RFC 4949 ",
  publisher="IETF",
  organization="Internet Engineering Task Force",
  year={2007},
  month=aug,
    url="http://tools.ietf.org/rfc/rfc4949.txt",
},

@ONLINE{PKI:Online,
author = {M. L. Srinivasan},
title = {Public Key Infrastructure (PKI) and other Concepts in Cryptography for CISSP Exam},
year ={2012},
note = {Accessed: 02-06-2014},
howpublished={\url{http://www.packtpub.com/article/public-key-infrastructure-pki-other-concepts-cryptography-cissp}}
}

@misc{entrprise-guide,
title="An Enterprise Guide to Understanding Key Management White Paper",
organization="SafeNet",
author="SafeNet"
url="http://www.safenet-inc.com/resources/white-paper/data-protection/An_Enterprise_Guide_to_Understanding_Key_Management_-_White_Paper",
month=aug,
year={2011}
}

@inproceedings{bortolozzo2010attacking,
  title={Attacking and fixing PKCS\# 11 security tokens},
  author={Bortolozzo, Matteo and Centenaro, Matteo and Focardi, Riccardo and Steel, Graham},
  booktitle={Proceedings of the 17th ACM conference on Computer and communications security},
  pages={260--269},
  year={2010},
  organization={ACM}
}

@misc{p,
year={2003},
booktitle={Cryptographic Hardware and Embedded Systems - CHES 2003},
volume={2779},
series={Lecture Notes in Computer Science},
editor={Walter, ColinD. and Koç, ÇetinK. and Paar, Christof},
doi={10.1007/978-3-540-45238-6_32},
title={On the Security of PKCS \#11},
url={http://dx.doi.org/10.1007/978-3-540-45238-6_32},
publisher={Springer Berlin Heidelberg},
author={Clulow, Jolyon},
pages={411-425}
}


@inproceedings{herzberg2000access,
  title={Access control meets public key infrastructure, or: Assigning roles to strangers},
  author={Herzberg, Amir and Mass, Yosi and Mihaeli, Joris and Naor, Dalit and Ravid, Yiftach},
  booktitle={Security and Privacy, 2000. S\&P 2000. Proceedings. 2000 IEEE Symposium on},
  pages={2--14},
  year={2000},
  organization={IEEE}
}


@book{Tanenbaum:2006:DSP:1202502,
 author = {Tanenbaum, Andrew S. and Steen, Maarten van},
 title = {Distributed Systems: Principles and Paradigms (2Nd Edition)},
 year = {2006},
 isbn = {0132392275},
 publisher = {Prentice-Hall, Inc.},
 address = {Upper Saddle River, NJ, USA},
}


@ONLINE{defination:key-management,
author = {Margaret Rouse},
title = {What is encryption key management},
year ={2010},
month="January"
note = {Accessed: 04-06-2014},
howpublished={\url{http://searchdatabackup.techtarget.com/definition/encryption-key-management}}
}

@inproceedings{huang2003web,
  title={Web application security assessment by fault injection and behavior monitoring},
  author={Huang, Yao-Wen and Huang, Shih-Kun and Lin, Tsung-Po and Tsai, Chung-Hung},
  booktitle={Proceedings of the 12th international conference on World Wide Web},
  pages={148--159},
  year={2003},
  organization={ACM}
}

@book{ferguson2003practical,
  title={Practical cryptography},
  author={Ferguson, Niels and Schneier, Bruce},
  volume={23},
  year={2003},
  publisher={Wiley New York}
}




  
}


\end{thebibliography}


