@inproceedings{blaze1999keynote,
  title={KeyNote: Trust management for public-key infrastructures},
  author={Blaze, Matt and Feigenbaum, Joan and Keromytis, Angelos D},
  booktitle={Security Protocols},
  pages={59--63},
  year={1999},
  organization={Springer}
}

@misc{acl-rfc,
  author=" R. Shirey",
  title="{Internet Security Glossary}",
  series="Request for Comments",
  howpublished="RFC 4949 ",
  publisher="IETF",
  organization="Internet Engineering Task Force",
  year=2007,
  month=aug,
    url="http://tools.ietf.org/rfc/rfc4949.txt",
}

